<record xmlns="http://www.openarchives.org/OAI/2.0/" xmlns:xsi="http://www.w3.org/2001/XMLSchema-instance"><header><identifier>oai:alma.34CSIC_INST:990012276710204201</identifier><datestamp>2020-02-06T08:41:03Z</datestamp><setSpec>manuscripta</setSpec></header><metadata><record xmlns="http://www.loc.gov/MARC21/slim" xmlns:xsi="http://www.w3.org/2001/XMLSchema-instance" xsi:schemaLocation="http://www.loc.gov/MARC21/slim http://www.loc.gov/standards/marcxml/schema/MARC21slim.xsd"><leader>20962ntm a2201009 i 4500</leader><controlfield tag="005">20181031100347.0</controlfield><controlfield tag="008">100406q        sp            000 0 ara d</controlfield><controlfield tag="001">990012276710204201</controlfield><datafield tag="035" ind1=" " ind2=" "><subfield code="a">CSIC001227671</subfield></datafield><datafield tag="035" ind1=" " ind2=" "><subfield code="a">(ES-MaCSI)001227671MAD01-Aleph</subfield></datafield><datafield tag="040" ind1=" " ind2=" "><subfield code="a">ES-MaCSI</subfield><subfield code="b">spa</subfield></datafield><datafield tag="080" ind1=" " ind2=" "><subfield code="a">091(=411.21)</subfield></datafield><datafield tag="080" ind1=" " ind2=" "><subfield code="a">28</subfield></datafield><datafield tag="245" ind1="1" ind2="0"><subfield code="a">[Legajo de miscelánea]</subfield><subfield code="h">[Manuscrito]</subfield></datafield><datafield tag="260" ind1=" " ind2=" "><subfield code="a">[S.l.],</subfield><subfield code="c">[s.a].</subfield></datafield><datafield tag="300" ind1=" " ind2=" "><subfield code="a">ff. :</subfield><subfield code="b">Papel tratado ;</subfield><subfield code="c">[10x 7cm. apróx.].</subfield></datafield><datafield tag="490" ind1="0" ind2=" "><subfield code="a">Manuscripta</subfield></datafield><datafield tag="500" ind1=" " ind2=" "><subfield code="a">Colofón: No.</subfield></datafield><datafield tag="500" ind1=" " ind2=" "><subfield code="a">Reclamos: No.</subfield></datafield><datafield tag="500" ind1=" " ind2=" "><subfield code="a">Signatura de cuaderno: No.</subfield></datafield><datafield tag="500" ind1=" " ind2=" "><subfield code="a">Signatura antigua: Junta 44</subfield></datafield><datafield tag="500" ind1=" " ind2=" "><subfield code="a">Varios fragmentos de libros de oraciones</subfield></datafield><datafield tag="501" ind1=" " ind2=" "><subfield code="a">[Fragmento A]:</subfield></datafield><datafield tag="501" ind1=" " ind2=" "><subfield code="a">Título: [Devocionario]. [Misceláneo de libros de oraciones] / [Ms. sin aut.]. -- 89 ff. (1 col. , de f. 1-81: 5 líneas árabes y 5 aljamiadas, de f. 82-fin: 10 aljamiadas), 10x7 cm. (caja: 7,2x5 cm.).</subfield></datafield><datafield tag="501" ind1=" " ind2=" "><subfield code="a">[cont. Fragmento A]:</subfield></datafield><datafield tag="501" ind1=" " ind2=" "><subfield code="a">Incipit: أَن لن تقْدِرَ عَلَيْهِ [...] في الظَّلمَاتِ أن لاَ إله [...] سُبْحَنَكَ إِنّي كُنْتُ من اَلظَّلِمِينَ [...] الْمَلِكُ الْحَقٌ لا إِله إلَّا هُوَ.</subfield></datafield><datafield tag="501" ind1=" " ind2=" "><subfield code="a">Explicit: إِ دِيشُ علي بْنُ أَبِي طَالِبٍ أَبَّغَاشَا الله ذَالْ كِيَانْرٌوَغَه كُنَاشْتَا اَلدُعَا شَارَ شُكَرَ َالذِيَ ذَالجُذِسِيُه َاشكَلَرَاسِذَ إِيَاشْتَا اَلدٌعَا شَارَ غِيَه ذَا لُشْ كَارَايَانْتَاشْ</subfield></datafield><datafield tag="501" ind1=" " ind2=" "><subfield code="a">[cont. Fragmento A]:</subfield></datafield><datafield tag="501" ind1=" " ind2=" "><subfield code="a">Tinta negra y roja. -- 1 copista desconocido. -- Colofón: No. -- Características especiales: Texto árabe en tinta negra con traducción aljamiada interlineal en tinta roja, excepto ff. 72-89, en aljamiado en tinta negra. -- Ilustración, ilustraciones: No. -- Tipo de cuaderno: 2 de 4 bifolios, 5 de 6 y uno de 8. -- Deterioros generales: Sin encuadernación. Faltan algunas hojas, y algunas mutiladas, con humedades. -- H. en blanco: No. -- H. dañadas, mutiladas, sueltas: Mutiladas: 1-10, 37-39, 45, 52. Sueltas: 7-9, 34. -- H. faltan o añadidas: Acéfalo y ápodo. -- Foliación: 1-88, a lápiz en el margen superior izquierdo del recto, desde el f. 4. -- Reclamos, Sign. cuaderno: No. -- Pautado: No se aprecia. Distancia interlineal muy regular: entre líneas árabes: 1,6 cm., entre árabes y aljamiadas: 0,8 cm. -- Filigrana: No. -- Signatura antigua: XLIV -- Anotaciones: Alguna nota marginal en aljamiado.</subfield></datafield><datafield tag="501" ind1=" " ind2=" "><subfield code="a">[Fragmento B]:</subfield></datafield><datafield tag="501" ind1=" " ind2=" "><subfield code="a">Título: [Misceláneo de libros de oraciones] / [Ms. sin aut.]. -- 13 ff. (1 col. 10 líneas por pág.), 10x7 cm. (caja: 7,5x5-5,2 cm.).</subfield></datafield><datafield tag="501" ind1=" " ind2=" "><subfield code="a">[cont. Fragmento B]:</subfield></datafield><datafield tag="501" ind1=" " ind2=" "><subfield code="a">Incipit: يَا نِعْمَ اَلْمَوْلَى وَنِعْمَ النصِيرُ/ وَصَلَى الله على سَيدِنَا وَمَوْلَنَا مُحَمَّد وَعَلَى اَله وَسَلَّمَ تَسْلِيمًا.</subfield></datafield><datafield tag="501" ind1=" " ind2=" "><subfield code="a">Explicit: وَحْدَكَ لاَ شَرِيكَ لَكَ وَأَنَّ مُحَمَّدًا عَبْدُكَ وَرَسُلُكَ وَأَنَّ كُلَّ مَعْبُودٍ عُبِدَ وَيُعْبَدُ.</subfield></datafield><datafield tag="501" ind1=" " ind2=" "><subfield code="a">[cont. Fragmento B]:</subfield></datafield><datafield tag="501" ind1=" " ind2=" "><subfield code="a">Anotaciones: No. -- Tinta negra y roja. -- Un copista desconocido. Misma letra que RESC 44/A. -- Características especiales: Traducción aljamiada interlineal en rojo. 2 primeros folios cosidos posteriormente a la copia en sentido inverso. -- Ilustración e ilustraciones: No. -- Tipo de cuaderno: No se aprecia por el cosido posterior a copia. -- Deterioros generales: Bordes de los folios dañados, algunas manchas de humedad o fuego. -- H. en blanco: No. -- H. dañadas, mutiladas, sueltas: Todas dañadas en los bordes. -- H. faltan o añadidas: Acéfalo y ápodo. -- Foliación: Sin foliación original. Se han foliado los 4 primeros folios en el margen superior derecho del recto. -- Pautado: No se aprecia. Distancia interlineal: árabe-árabe: 1,6 cm., árabe-aljamiado: 0,8 cm. -- Filigrana: No. -- Sign. antigua: XLIV.</subfield></datafield><datafield tag="501" ind1=" " ind2=" "><subfield code="a">[Fragmento C]:</subfield></datafield><datafield tag="501" ind1=" " ind2=" "><subfield code="a">Títlulo: [Fragmento de oración]. [Misceláneo de libros de oraciones] / [Ms. sin aut.]. -- 10 ff. (1 col. 6 líneas por pág. excepto la primera (6 árabes y 6 aljamiadas) y la séptima (5 líneas), 11,1x7,7 cm. (caja: 6,4x5,2 cm.).</subfield></datafield><datafield tag="501" ind1=" " ind2=" "><subfield code="a">[cont. Fragmento C]:</subfield></datafield><datafield tag="501" ind1=" " ind2=" "><subfield code="a">Incipit: فَانَّهُ يَعْلمُ السِّرّ وَاَخْفَرَ الله عَظِيمٌ دَايِمٌ النِّعْمَاءِ قَاهِرُ العَدَاءِ الرَحْمَنُ عَاطِفُ</subfield></datafield><datafield tag="501" ind1=" " ind2=" "><subfield code="a">Explicit: اله الطيبين والحمد الله رب العَلَمِينَ تُرُبرَشْ اَلْفَضِيلَة ذَاشْتَا الدٌعَا َانْلَتَارْسَارَ فُوَالَه اَبَّارَاشْ ذَاشْةَ.</subfield></datafield><datafield tag="501" ind1=" " ind2=" "><subfield code="a">[cont. Fragmento C]:</subfield></datafield><datafield tag="501" ind1=" " ind2=" "><subfield code="a">Tinta negra y roja. -- Un copista desconocido. -- Características especiales: Traducción interlineal en tinta roja en f. 1r, resto del texto preparado para traducción interlineal. Texto vocalizado en rojo. -- Ilustración: Última pág.: garabatos, ensayos de caligrafía. -- Ilustraciones: No. -- Tipo de cuaderno: 1 de 5 bifolios. -- Deterioros generales: Humedades. -- H. en blanco: No. -- H. dañadas, mutiladas, sueltas: 1 y 2 mutiladas en la esquina inferior izquierda. -- H. faltan o añadidas: Acéfalo y ápodo. -- Foliación: Sin foliación original. Se ha foliado en el margen superior izquierdo del recto. -- Pautado: No se aprecia. Distancia interlineal muy variable, entre 1 y 2 cm. -- Filigrana: No. -- Sign. antigua: XLIV. -- Anotaciones: Algunas notas marginales.</subfield></datafield><datafield tag="501" ind1=" " ind2=" "><subfield code="a">[Fragmento D]:</subfield></datafield><datafield tag="501" ind1=" " ind2=" "><subfield code="a">Título: [Fragmento de oraciones]. [Misceláneo de libros de oraciones] / [Ms. sin aut.]. -- 10 ff. (1 col. 6 líneas por pág.), 9,8x6,6cm. (caja: 6,5x3,5cm.).</subfield></datafield><datafield tag="501" ind1=" " ind2=" "><subfield code="a">[cont. Fragmento D]:</subfield></datafield><datafield tag="501" ind1=" " ind2=" "><subfield code="a">Incipit: [...]بُّواشْرَّابِبْكَلُ َ مُوسْلْيمْ اِفَاشْنُشْبِبِرْ شُبْرَا لَكَارَايَانْسَ اَتُ. اِكِيَانْلُمَتَرَشْدَا نُشْ بٌوَاشْ [...] شُبْرَا َالَدِينْ دَالَاِسْلاَمْ.</subfield></datafield><datafield tag="501" ind1=" " ind2=" "><subfield code="a">Explicit: صَلى عَلَى مُحَمَّدٍ عَلَى َال مُحَمَّدٍ وَاَرْحَمْ مُحَمَّدْ وَ َالِ مُحَمَّدٍ وَبَاركْ عَلَى مُحَمَّدٍ</subfield></datafield><datafield tag="501" ind1=" " ind2=" "><subfield code="a">[cont. Fragmento D]:</subfield></datafield><datafield tag="501" ind1=" " ind2=" "><subfield code="a">Tinta negra. -- Un copista desconocido. -- Características especiales: No. -- Ilustración: No. -- Ilustraciones: Cenefas horizontales dividiendo las oraciones. -- Tipo de cuaderno: 1 de 5 bifolios. -- Deterioros generales: Pequeña humedad en el margen exterior. Mutilado en el margen interior. -- H. en blanco: No. -- H. dañadas, mutiladas y sueltas: Dañadas y mutiladas: todas en el margen interior. Todo el cuaderno sin coser. -- H. faltan o añadidas: Acéfalo y ápodo. -- Foliación: Sin foliación original. Se ha foliado en el margen superior izquierdo del recto. -- Pautado: No se aprecia. Distancia interlineal: 1,2x1,4cm. -- Filigrana: No. -- Signatura antigua: XLIV. -- Anotaciones: No.</subfield></datafield><datafield tag="501" ind1=" " ind2=" "><subfield code="a">[Fragmento E]:</subfield></datafield><datafield tag="501" ind1=" " ind2=" "><subfield code="a">Título: [Misceláneo de libros de oraciones] / [Ms. sin aut.]. -- 8 ff. (1 col. 8-10 líneas por pág.), 10,8x7,7cm. (caja: 7x5cm.).</subfield></datafield><datafield tag="501" ind1=" " ind2=" "><subfield code="a">[cont. Fragmento E]:</subfield></datafield><datafield tag="501" ind1=" " ind2=" "><subfield code="a">Incipit: بسم الله الرحمن الرحيم الحمد لله رب العالمين الرحمن الرحيم ملك يوم الدين اياك نعبدو اياك نستعين.</subfield></datafield><datafield tag="501" ind1=" " ind2=" "><subfield code="a">Explicit: اَقَاشْتَا الدُعَا َاشْ بُوَانُه اِذَا غَرَنْدَا غُوَلَرْذُنْه اِيَاشْ بُوَانهُ بَرَ لفُوَاشَ ذَالْمُوَارْتُه قُمُ قَرْتَه دَالَه مُوَارْتَا. الدُعَاءُ كَرِيمٌ يَاشْه دَامُجَّ اَلْفَضِيلَ.</subfield></datafield><datafield tag="501" ind1=" " ind2=" "><subfield code="a">[cont. Fragmento E]:</subfield></datafield><datafield tag="501" ind1=" " ind2=" "><subfield code="a">Tinta negra. -- Un copista desconocido. -- Características especiales: Algunos epígrafes en tinta negra más gruesa. -- Ilustración: No. -- Ilustraciones: Cenefa horizontal geométrica en el inicio del texto y en los cambios de capítulo. -- Tipo de cuaderno: 1 de 4 bifolios. -- Deterioros generales: Bordes de todo el cuaderno dañados. -- H. en blanco: 1, 2 y 3r. -- H. dañadas, mutiladas y sueltas: Dañadas: agujero en f.1, agujero por tinta en f. 4, y bordes de todo el cuaderno. -- H. faltan o añadidas: Ápodo.. -- Foliación: Sin foliación original. Se ha foliado en el margen superior izquierdo del recto. -- Pautado: A punta seca. Distancia interlineal: 0,7. -- Filigrana: f.7: fragmento de mano, sin identificar. -- Signatura antigua: XLIV. -- Anotaciones: No.</subfield></datafield><datafield tag="510" ind1="3" ind2=" "><subfield code="a">Descripción: J. Ribera y M. Asín (dirs.), Manuscritos árabes y aljamiados de la biblioteca de la Junta: noticia y extractos, Madrid: Junta para la ampliación de Estudios e Investigaciones Científicas, 1912, 156-157. (Fragmentos: A, B, C, D, E)</subfield></datafield><datafield tag="510" ind1="4" ind2=" "><subfield code="a">Bibliografía: J. Ribera y M. Asín (dirs.), Manuscritos árabes y aljamiados de la biblioteca de la Junta: noticia extractos, Madrid: Junta para la ampliación de Estudios e Investigaciones Científicas, 1912, 156-157. -Casassas Canals, X., Los siete alhaicales y otras plegarias aljamiadas de mudéjares y moriscos, Córdoba: Almuzara, 2007. (Fragmento: A)</subfield></datafield><datafield tag="510" ind1="4" ind2=" "><subfield code="a">Bibliografía: J. Ribera y M. Asín (dirs.), Manuscritos árabes y aljamiados de la biblioteca de la Junta: noticia y extractos, Madrid: Junta para la ampliación de Estudios e Investigaciones Científicas, 1912, 156-157. (Fragmentos: B, C, D, E)</subfield></datafield><datafield tag="520" ind1="2" ind2=" "><subfield code="a">[Fragmento A]: Tratado incompleto, sin principio ni fin, conteniendo: -f.1-7r: final de una oración. -f.7r-10r: oración en la que se mencionan los nombres de Dios. -f. 10v-70: Los siete alhaicales. -f. 70v: ḥadīṭ de Muḥammad referido por Ibn Abbās. -f.71-83v: Duʽa al-ṣaḥifa y los beneficios de recitarla. -83v-fin: oración revelada por Gabriel a Muḥammad para apartar a su pueblo de cualquier calamidad, incompleta, cuya parte final está en ms. RESC 44/B, f. 3.</subfield></datafield><datafield tag="520" ind1="2" ind2=" "><subfield code="a">[Fragmento B]: Fragmento de devocionario con oraciones en árabe con traducción aljamiada interlineal, de las mismas dimensiones y copista que el RESC 44/A. ff. 1-2, 4-final: oraciones con traducción aljamiada interlineal. f. 3: Final de la oración revelada por Gabriel a Muḥammad para apartar a su pueblo de cualquier calamidad, contenida en el ms. RESC 44/A, ff. 83v-89v.</subfield></datafield><datafield tag="520" ind1="2" ind2=" "><subfield code="a">[Fragmento C]: Fragmento de oración en árabe con tradución aljamiada interlineal en rojo en la primera página.</subfield></datafield><datafield tag="520" ind1="2" ind2=" "><subfield code="a">[Fragmento D]:Fragmento de un libro de pequeño tamaño de oraciones en aljamiado.</subfield></datafield><datafield tag="520" ind1="2" ind2=" "><subfield code="a">[Fragmento E]:Fragmento de libro de oraciones.</subfield></datafield><datafield tag="530" ind1=" " ind2=" "><subfield code="a">Mª del P. Martínez Olmo, Colección de manuscritos árabes y aljamiados de la Biblioteca del Instituto de Filología del CSIC, Instituto de Filología CSIC, Madrid, 1998 (4 Cd-Rom), CD 3. -Instituto Miguel Asín de Estudios Arabes, Colección de manuscritos árabes y aljamiados, Microforma, Madrid: 1983-84, 25 rollos, Ms. 43-46. (Fragmentos: A, B, C, D, E)</subfield></datafield><datafield tag="541" ind1=" " ind2=" "><subfield code="a">Procedencia: Almonacid de la Sierra. Pablo Gil. Sección Árabe Centro de Estudios Históricos (JAE). Escuela de Estudios Árabes de Madrid. Instituto de Filología, CSIC.</subfield><subfield code="d">Ingreso: Junio de 1910.</subfield></datafield><datafield tag="546" ind1=" " ind2=" "><subfield code="a">Árabe y aljamiado</subfield><subfield code="b">con escritura magrebí (Fragmentos: A, B, C, E)</subfield></datafield><datafield tag="546" ind1=" " ind2=" "><subfield code="a">Aljamiado</subfield><subfield code="b">con escritura magrebí (Fragmento D)</subfield></datafield><datafield tag="563" ind1=" " ind2=" "><subfield code="a">Cuaderno cosido sin tapas. (Fragmentos A, B, C, E)</subfield></datafield><datafield tag="563" ind1=" " ind2=" "><subfield code="a">Cuaderno sin coser y sin tapas.(Fragmento: D)</subfield></datafield><datafield tag="595" ind1=" " ind2=" "><subfield code="a">Casassas Canals, X., Los siete alhaicales y otras plegarias aljamiadas de mudéjares y moriscos, Córdoba: Almuzara, 2007, 79-80, 61-76, 93-97, edición de los ff. 10-70, 7-10, 71-81 respectivamente. (Fragmento: A)</subfield></datafield><datafield tag="594" ind1=" " ind2="1"><subfield code="a">Tít. de los ms. no constan</subfield></datafield><datafield tag="595" ind1=" " ind2=" "><subfield code="a">No (Fragmentos: B, C, D, E)</subfield></datafield><datafield tag="650" ind1=" " ind2="7"><subfield code="a">Manuscritos árabes.</subfield><subfield code="2">CSICAU</subfield></datafield><datafield tag="650" ind1=" " ind2="7"><subfield code="a">Manuscritos aljamiados.</subfield><subfield code="2">CSICAU</subfield></datafield><datafield tag="650" ind1=" " ind2="7"><subfield code="a">Islam.</subfield><subfield code="2">CSICAU</subfield></datafield><datafield tag="650" ind1=" " ind2="7"><subfield code="a">Devocionarios.</subfield><subfield code="2">CSICAU</subfield></datafield><datafield tag="650" ind1=" " ind2="7"><subfield code="a">Oraciones.</subfield><subfield code="2">CSICAU</subfield></datafield><datafield tag="740" ind1="0" ind2=" "><subfield code="a">[Devocionario]</subfield></datafield><datafield tag="740" ind1="0" ind2=" "><subfield code="a">[Misceláneo de libros de oraciones]</subfield></datafield><datafield tag="740" ind1="0" ind2=" "><subfield code="a">[Fragmento de oración]</subfield></datafield><datafield tag="830" ind1=" " ind2="0"><subfield code="a">Manuscripta</subfield></datafield><datafield tag="856" ind1="4" ind2="1"><subfield code="u">http://aleph.csic.es/imagenes/mad01/0006_PMSC/P_001227671_651220_V00.pdf</subfield><subfield code="z">Descargar Pdf completo (22M)</subfield><subfield code="m">CSIC</subfield></datafield><datafield tag="856" ind1="4" ind2="1"><subfield code="u">http://simurg.bibliotecas.csic.es/viewer/image/CSIC001227671/1/</subfield><subfield code="z">Ver texto completo en SIMURG, el portal de fondos digitalizados del CSIC</subfield><subfield code="m">CSIC</subfield></datafield><datafield tag="856" ind1="4" ind2="1"><subfield code="u">http://aleph.csic.es/imagenes/mad01/0006_PMSC/html/001227671.html</subfield><subfield code="z">Ver texto completo en Bookreader</subfield></datafield><datafield tag="---" ind1=" " ind2=" "><subfield code="a">Tinta negra y roja. -- Un copista desconocido. -- Características especiales: Texto árabe en tinta negra con traducción aljamiada interlineal en tinta roja, excepto ff. 72-89, en aljamiado en tinta negra. -- Ilustración e ilustraciones: No. -- Tipo de cuaderno: 2 de 4 bifolios, 5 de 6 y uno de 8. -- Deterioros generales: Sin encuadernación. Faltan algunas hojas, y algunas mutiladas, con humedades. -- H. en blanco: No. -- H. dañadas, mutiladas, sueltas: Mutiladas: 1-10, 37-39, 45, 52. Sueltas: 7-9, 34. -- H. faltan o añadidas: Acéfalo y ápodo. -- Foliación: 1-88, a lápiz en el margen superior izquierdo del recto, desde el f. 4. -- Pautado: No se aprecia. Distancia interlineal muy regular: entre líneas árabes: 1,6 cm., entre árabes y aljamiadas: 0,8 cm. -- Filigrana: No. -- Sign. antigua: XLIV. -- Anotaciones: Alguna nota marginal en aljamiado.</subfield></datafield></record></metadata></record>